% Encoding: UTF-8

@Article{ABRAMSON1991,
  author  = {ABRAMSON, D.},
  title   = {Constructing School Timetables Using Simulated Annealing: Sequential and Parallel Algorithms},
  journal = {Management Science, 37:98-113.},
  year    = {1991},
}

@MastersThesis{ROCHA2013,
  author = {ROCHA, W. de S.},
  title  = {Algoritmo GRASP para o Problema de Tabela-horário de Universidades},
  school = {Departamento de Informática, Universidade Federal do Espírito Santo, Vitória.},
  year   = {2013},
}

@InCollection{CESCHIA2011,
  author    = {CESCHIA, S., GASPERO},
  title     = {Design,engineering, and experimental analysis of a simulated annealing approach to the post-enrolment course timetabling problem},
  booktitle = {Computers \& Operations Research, v. 39, n. 7, p.1615–1624 .},
  year      = {2011},
}

@Conference{ELLOUMI2008,
  author    = {ELLOUMI, A.},
  title     = {A tabu search procedure for course timetabling at a tunisian university},
  booktitle = {Proceedings of the 7th PATAT Conference, 2008. [S.l.: s.n.]},
  year      = {2008},
}

@Article{GLOVER1997,
  author  = {GLOVER, F. e LAGUNA, M.},
  title   = {Tabu Search},
  journal = {Kluwer Academic Publishers, Boston.},
  year    = {1997},
}

@InCollection{GLOVER1993,
  author    = {GLOVER, F., TAILLARD, E. and de WERRA, D. . ,},
  title     = {A user’s guide to tabu search},
  booktitle = {Tabu Search, Vol. 41 of Annals of Operations Research, Baltzer Science Publishers, Amsterdan, pp. 3–28.},
  year      = {1993},
}

@InCollection{KIRK1983,
  author    = {KIRK PATRICK},
  title     = {Optimization by Simulated Annealing. Science},
  booktitle = {New Series, Vol. 220, No. 4598},
  year      = {1983},
}

@InCollection{SCHAERF1995,
  author    = {SCHAERF, A},
  title     = {A survey of automated timetabling},
  booktitle = {ARTIFICIAL INTELLIGENCE REVIEW, v. 13, p. 87–127.},
  year      = {1995},
}

@InBook{SOUZA2004,
  chapter   = {A GRASP-tabu search algorithm for solving school timetabling problems},
  pages     = {659–672},
  title     = {Metaheuristics},
  publisher = {Norwell, MA, USA: Kluwer Academic Publishers},
  year      = {2004},
  author    = {SOUZA, M. J. F.},
}

@InCollection{FEO1995,
  author    = {FEO, T. A.; RESENDE, M. G. C.},
  title     = {Greedy Randomized Adaptive Search Procedures. Journal of Global Optimization},
  booktitle = {Journal of Global Optimization, [S.I.] n. 2, p. 109-133.},
  year      = {1995},
}

@Comment{jabref-meta: databaseType:bibtex;}
